@inproceedings{danelljan2014BMVC,
author = {Danelljan, Martin and H{\"{a}}ger, Gustav and Khan, Fahad and Felsberg, Michael},
booktitle = {British Machine Vision Conference, Nottingham, September 1-5, 2014},
organization = {BMVA Press},
title = {{Accurate scale estimation for robust visual tracking}},
year = {2014}
}

@misc{WinNT,
  title = {{MS Windows NT} Kernel Description},
  howpublished = {\url{http://web.archive.org/web/20080207010024/http://www.808multimedia.com/winnt/kernel.htm}},
  note = {Accessed: 2010-09-30}
}